<record><leader>00000cas a22000007a 4500</leader><controlfield tag="001">13739036</controlfield><controlfield tag="008">860617d18681870paudn ne      0    0eng d</controlfield><datafield ind1=" " ind2=" " tag="010"><subfield code="a">sn 86081575 </subfield></datafield><datafield ind1=" " ind2=" " tag="040"><subfield code="a">NPH</subfield><subfield code="b">eng</subfield><subfield code="c">NPH</subfield><subfield code="d">OCLCQ</subfield></datafield><datafield ind1=" " ind2=" " tag="042"><subfield code="a">msc</subfield></datafield><datafield ind1="0" ind2="0" tag="245"><subfield code="a">Williamsport daily standard.</subfield></datafield><datafield ind1="1" ind2="3" tag="246"><subfield code="a">Daily standard</subfield></datafield><datafield ind1=" " ind2=" " tag="260"><subfield code="a">Williamsport, Pa. :</subfield><subfield code="b">Tate, Emery and Co.,</subfield><subfield code="c">1868-</subfield></datafield><datafield ind1=" " ind2=" " tag="300"><subfield code="a">v.</subfield></datafield><datafield ind1=" " ind2=" " tag="310"><subfield code="a">Daily (except Sunday)</subfield></datafield><datafield ind1="0" ind2=" " tag="362"><subfield code="a">Vol. 1, no. 61 (June 29, 1868)-</subfield></datafield><datafield ind1="1" ind2=" " tag="362"><subfield code="a">Ceased in 1870?</subfield></datafield><datafield ind1=" " ind2=" " tag="500"><subfield code="a">Also issued in a triweekly edition.</subfield></datafield><datafield ind1=" " ind2=" " tag="580"><subfield code="a">Also issued in a weekly edition caled: Lycoming standard, and Williamsport general advertiser.</subfield></datafield><datafield ind1=" " ind2=" " tag="752"><subfield code="a">United States</subfield><subfield code="b">Pennsylvania</subfield><subfield code="c">Lycoming</subfield><subfield code="d">Williamsport.</subfield></datafield><datafield ind1="1" ind2=" " tag="775"><subfield code="t">Lycoming standard, and Williamsport general advertiser</subfield><subfield code="w">(DLC)sn 86081573</subfield></datafield><datafield ind1="0" ind2="0" tag="780"><subfield code="t">Williamsport morning standard</subfield><subfield code="w">(DLC)sn 86081574</subfield></datafield><datafield ind1="0" ind2="0" tag="785"><subfield code="t">Daily morning standard</subfield><subfield code="w">(DLC)sn 86081576</subfield></datafield></record>